<?xml version="1.0" encoding="UTF-8"?><collection xmlns="http://www.loc.gov/MARC21/slim"><record><leader>00566nam--2200181-u-4500</leader><controlfield tag="001">000054777</controlfield><controlfield tag="002">20161230</controlfield><controlfield tag="005">20161230201051</controlfield><controlfield tag="008">120611s1000------------r-----000-0-fre-d</controlfield><datafield ind1=" " ind2=" " tag="040"><subfield code="a">IFIN-HH</subfield></datafield><datafield ind1=" " ind2=" " tag="041"><subfield code="a">fre</subfield></datafield><datafield ind1=" " ind2=" " tag="080"><subfield code="a">539.172.4</subfield></datafield><datafield ind1="1" ind2=" " tag="100"><subfield code="a">Grenier, G</subfield></datafield><datafield ind1="1" ind2="0" tag="245"><subfield code="a">Conditions experimentales, aquisition et traitement des donnes pour l'etude des reactions (n,x gamma)</subfield><subfield code="c">G. grenier, m. gautier, c. poussier</subfield></datafield><datafield ind1=" " ind2=" " tag="260"><subfield code="a">Bryeres-le-chatel</subfield><subfield code="b">Service De Physique Nucleaire</subfield><subfield code="c">1973</subfield></datafield><datafield ind1=" " ind2=" " tag="300"><subfield code="a">6P. ANEXE</subfield></datafield><datafield ind1=" " ind2=" " tag="852"><subfield code="a">39158</subfield><subfield code="c">539.17</subfield></datafield><datafield ind1=" " ind2=" " tag="CAT"><subfield code="a">Sys</subfield><subfield code="c">20120611</subfield><subfield code="h">110240</subfield></datafield></record></collection>